<record><leader>00000cas a22000007a 4500</leader><controlfield tag="001">23367091</controlfield><controlfield tag="008">910402d19781979couwr ne      0    0eng d</controlfield><datafield ind1=" " ind2=" " tag="010"><subfield code="a">sn 91052434 </subfield></datafield><datafield ind1=" " ind2=" " tag="040"><subfield code="a">CNQ</subfield><subfield code="b">eng</subfield><subfield code="c">CNQ</subfield><subfield code="d">OCLCQ</subfield></datafield><datafield ind1=" " ind2=" " tag="042"><subfield code="a">msc</subfield></datafield><datafield ind1="0" ind2=" " tag="130"><subfield code="a">Citizen newspaper (Clifton, Colo.)</subfield></datafield><datafield ind1="1" ind2="4" tag="245"><subfield code="a">The citizen newspaper.</subfield></datafield><datafield ind1=" " ind2=" " tag="260"><subfield code="a">Clifton, Colo. :</subfield><subfield code="b">James J. and Sharon S. Brodell</subfield></datafield><datafield ind1=" " ind2=" " tag="300"><subfield code="a">v.</subfield></datafield><datafield ind1=" " ind2=" " tag="310"><subfield code="a">Weekly</subfield></datafield><datafield ind1="1" ind2=" " tag="362"><subfield code="a">Began in 1978.</subfield></datafield><datafield ind1="0" ind2=" " tag="362"><subfield code="a">-v. 1, no. 43 (July 12, 1979).</subfield></datafield><datafield ind1=" " ind2=" " tag="588"><subfield code="a">Description based on: Vol. 1, no. 17 (Jan. 11, 1979).</subfield></datafield><datafield ind1=" " ind2=" " tag="752"><subfield code="a">United States</subfield><subfield code="b">Colorado</subfield><subfield code="c">Mesa</subfield><subfield code="d">Clifton.</subfield></datafield><datafield ind1="0" ind2="0" tag="785"><subfield code="t">Valley citizen (Clifton, Colo.)</subfield><subfield code="w">(DLC)sn 91052433</subfield></datafield><datafield ind1="1" ind2=" " tag="029"><subfield code="a">AU@</subfield><subfield code="b">000025866234</subfield></datafield></record>